@Article{pmid19015660,
   Author="Wang, Z.  and Gerstein, M.  and Snyder, M. ",
   Title="{{R}{N}{A}-{S}eq: a revolutionary tool for transcriptomics}",
   Journal="Nat. Rev. Genet.",
   Year="2009",
   Volume="10",
   Number="1",
   Pages="57--63",
   Month="Jan"
}

@Book{watson1965,
	Author = {James Watson},
	title = {The Molecular Biology of the Gene},
	publisher = {W.A. Benjamin. Inc. new York},
	year = {1965}
}

@InCollection{crick1956,
	author = {Frances Crick},
	title = {Ideas on protein synthesis},
	booktitle = {Unpublished Note},
	crossref = {PPCRI/H/2/6},
	publisher = {Wellcome Library},
	year = {1956},
	url={https://wellcomelibrary.org/item/b18174139}
}

